@misc{Lohre2024,
pages = {v, 25 Seiten, Seite vi-xxix},
booktitle = {The effects of student aid: evidence from Germany},
year = {2024},
title = {The effects of student aid: evidence from Germany},
language = {eng},
address = {Wien},
author = {Lohre, Fynn},
url = {https://permalink.obvsg.at/wuw/AC17342318},
}

